@standard{gbt7714-2015,
  author = {段明莲 and 白光武 and 陈浩元 and 刘曙光 and 曾燕},
  title = {文后参考文献著录规则},
  title.aux = {GB/T 7714-2015},
  author.aux = {全国信息与文献标准化技术委员会第六分委员会},
  publisher = {中国标准化出版社},
  address = {北京},
  year = {2015},
  language = {cn},
}
@book{lshort,
  author = {Tobias, Oetiker},
  author.aux = {CTeX开发小组},
  title = {一份（不太）简短的LaTeX2e 介绍},
  title.aux = {111分钟了解LaTeX2e},
  edition = {版本6.05},
  url = {texlive目录/ texmf-dist/ doc/ latex/ lshort-chinese/ lshort-zh-cn.pdf},
  year = {2024},
}
@book{tlintro,
  author = {Karl, Berry},
  author.aux = {王然},
  title = {TeXLive指南},
  edition = {ver2025},
  url = {https://tug.org/ texlive/ doc/ texlive-zh-cn/ texlive-zh-cn.pdf},
  year = {2025},
}

@article{art17,
  title     = {Upper extremity disorders in heavy industry workers in Greece},
  author    = {Tsouvaltzidou, T and Alexopoulos, E and Fragkakis, I and Jelastopulu, E},
  journal   = {World journal of orthopedics},
  volume    = {8},
  number    = {6},
  pages     = {478},
  year      = {2017},
  publisher = {Baishideng Publishing Group Inc}
}
@report{report25,
  author = {Karl, Berry and Karl, A and Karl, B},
  title = {report title},
  edition = {v5},
  address = {New York},
  publisher = {ASME},
  year = {2025},
}
@thesis{thesis25,
  author = {Karl, Peter},
  title = {thesis title},
  address = {New York},
  publisher = {UCLA},
  year = {2025},
}
@inproceedings{inproc95,
  title        = {Series elastic actuators},
  author       = {Pratt, Gill A and Williamson, Matthew M},
  booktitle    = {Proceedings 1995 IEEE/ RSJ international conference on intelligent robots and systems. Human robot interaction and cooperative robots},
  volume       = {1},
  pages        = {399-406},
  year         = {1995},
  organization = {IEEE}
}
@incollection{incoll25,
  author = {Karl, Berry and Karl, A and Karl, B},
  title = {collection paper title},
  booktitle = {collection},
  edition = {v3},
  editor = {John Hanges}, 
  url = {http://tug.org/},
  address = {New York},
  publisher = {PPB},
  year = {2025},
  pages = {1031-1045},
  doi = {doi8848},
}
@proceedings{proc25,
  author = {Karl, Berry and Karl, A},
  title = {proceedings},
  url = {http://tug.org/},
  address = {New York},
  publisher = {PPA},
  year = {2025},
}
@collection{coll25,
  author = {Karl, Berry and Karl, B},
  title = {collections},
  edition = {v6},
  address = {New York},
  publisher = {PPB},
  year = {2025},
  doi = {doi8849},
}
@inbook{chapter25,
  author = {Tobias, Oetiker},
  title = {A chapter},
  pages = {23-28},
  editor = {Hans Pick},
  booktitle = {the Book},
  year = {2025},
}
@news{news25,
  author = {famer},
  title = {a train train a train},
  newspaper = {21st news},
  year = {2025},
  number = {15},
  pages = {B3},
  url = {http://news.sohu.com},
}
